<?xml version="1.0" encoding="UTF-8"?><collection xmlns="http://www.loc.gov/MARC21/slim"><record><leader>00319nam--2200121-i-4500</leader><controlfield tag="001">000013696</controlfield><controlfield tag="002">20161230</controlfield><controlfield tag="005">20161230201030</controlfield><controlfield tag="008">060222s1000------------r-----000-0-eng-d</controlfield><datafield ind1=" " ind2=" " tag="100"><subfield code="a">Houben-weyl</subfield></datafield><datafield ind1=" " ind2=" " tag="245"><subfield code="a">Methoden der organischen. chemie. 4-te, volltig neu geastaltete auflage</subfield></datafield><datafield ind1=" " ind2=" " tag="260"><subfield code="a">Stuttgart, 1958</subfield></datafield><datafield ind1=" " ind2=" " tag="852"><subfield code="a">14260</subfield></datafield></record></collection>